@Manual{R-base,
  title = {R: A Language and Environment for Statistical Computing},
  author = {{R Core Team}},
  organization = {R Foundation for Statistical Computing},
  address = {Vienna, Austria},
  year = {2018},
  url = {https://www.R-project.org/},
}
@Manual{R-kableExtra,
  title = {kableExtra: Construct Complex Table with 'kable' and Pipe Syntax},
  author = {Hao Zhu},
  year = {2018},
  note = {R package version 0.9.0},
  url = {https://CRAN.R-project.org/package=kableExtra},
}
@Book{R-knitr,
  title = {Dynamic Documents with {R} and knitr},
  author = {Yihui Xie},
  publisher = {Chapman and Hall/CRC},
  address = {Boca Raton, Florida},
  year = {2015},
  edition = {2nd},
  note = {ISBN 978-1498716963},
  url = {https://yihui.name/knitr/},
}
@Manual{R-papaja,
  author = {Frederik Aust and Marius Barth},
  title = {{papaja}: {Create} {APA} manuscripts with {R Markdown}},
  year = {2018},
  note = {R package version 0.1.0.9842},
  url = {https://github.com/crsh/papaja},
}
@Manual{R-psych,
  title = {psych: Procedures for Psychological, Psychometric, and Personality Research},
  author = {William Revelle},
  organization = { Northwestern University},
  address = { Evanston, Illinois},
  year = {2018},
  note = {R package version 1.8.4},
  url = {https://CRAN.R-project.org/package=psych},
}
@Article{R-lavaan,
  title = {{lavaan}: An {R} Package for Structural Equation Modeling},
  author = {Yves Rosseel},
  journal = {Journal of Statistical Software},
  year = {2012},
  volume = {48},
  number = {2},
  pages = {1--36},
  url = {http://www.jstatsoft.org/v48/i02/},
}
@Manual{R-pwr,
  title = {pwr: Basic Functions for Power Analysis},
  author = {Stephane Champely},
  year = {2018},
  note = {R package version 1.2-2},
  url = {https://CRAN.R-project.org/package=pwr},
}
@article{Cacioppo1996,
   author = {Cacioppo, J. T. and Petty, R. E. and Feinstein, J. A. and Jarvis, W. B. G.},
   title = {Dispositional differences in cognitive motivation: The life and times of individuals varying in {N}eed for {C}ognition},
   journal = {Psychological Bulletin},
   volume = {119},
   number = {2},
   pages = {197-253},
   DOI = {10.1037/0033-2909.119.2.197},
   year = {1996},
}
@article{Baumeister2007,
   author = {Baumeister, R. F. and Vohs, K. D. and Tice, D. M.},
   title = {The strength model of self-control},
   journal = {Current Directions in Psychological Science},
   volume = {16},
   number = {6},
   pages = {351-355},
   DOI = {10.1111/j.1467-8721.2007.00534.x},
   year = {2007},
}
@article{Bertrams2009b,
   author = {Bertrams, A. and Dickh{\"a}user, O.},
   title = {High-school students' need for cognition, self-control capacity, and school achievement: Testing a mediation hypothesis},
   journal = {Learning and Individual Differences},
   volume = {19},
   number = {1},
   pages = {135-138},
   DOI = {10.1016/j.lindif.2008.06.005},
   year = {2009},
}
@article{Eisenberg2018,
   author = "Ian W. Eisenberg and Patrick G. Bissett and Jessica R. Canning and Jesse Dallery and A. Zeynep Enkavi and Susan Whitfield-Gabrieli and Oscar Gonzalez and Alan I. Green and Mary Ann Greene and Michaela Kiernan and Sunny Jung Kim and Jamie Li and Michael R. Lowe and Gina L. Mazza and Stephen A. Metcalf and Lisa Onken and Sadev S. Parikh and Ellen Peters and Judith J. Prochaska and Emily A. Scherer and Luke E. Stoeckel and Matthew J. Valente and Jialing Wu and Haiyi Xie and David P. MacKinnon and Lisa A. Marsch and Russell A. Poldrack",
   title = "Applying novel technologies and methods to inform the ontology of self-regulation",
   journal = "Behaviour Research and Therapy",
   volume = "101",
   pages = "46 - 57",
   year = "2018",
   DOI = "10.1016/j.brat.2017.09.014",
}
@Article{Gignac2016,
  author = {G. E. Gignac and E. T. Szodorai},
  title = {Effect size guidelines for individual differences researchers}, journal = {Personality and Individual Differences},
  year = {2016},
  volume = {102},
  pages = {74-78},
  doi = {10.1016/j.paid.2016.06.069},
}
@unpublished{Gjesme1970,
  author = {Gjesme, T. and Nygard, R.},
  title  = {Achievement-related motives: Theoretical considerations and construction of a measuring instrument},
  year   = {2006},
  address = {University of Oslo}
}
@inbook{Goettert1980,
  author    = {R. G{\"o}ttert and J. Kuhl},
  title     = {AMS — {A}chievement {M}otives {S}cale von {G}jesme und {N}ygard — {D}eutsche {F}assung [{AMS} — {G}erman version]},
  booktitle = {Motivationsf{\"o}rderung im {S}chulalltag [{E}nhancement of motivation in school context]},
  editor    = {F. Rheinberg and S. Krug},
  publisher = {Hogrefe},
  address   = {G{\"o}ttingen},
  pages     = {194-200},
  year      = {1980}
}
@article{Hu1999,
   author = {Hu, L. T. and Bentler, P. M.},
   title = {Cutoff Criteria for Fit Indexes in Covariance Structure Analysis: Conventional Criteria Versus New Alternatives},
   journal = {Structural Equation Modeling-A Multidisciplinary Journal},
   volume = {6},
   number = {1},
   pages = {11-55},
   year = {1999},
   DOI = {10.1080/10705519909540118},
}
@Article{Hemphill2003,
  author = {James F. Hemphill},
  title = {Interpreting the Magnitudes of Correlation Coefficients},
  journal = {American Psychologist},
  volume = {58},
  number = {1},
  pages = {78-79},
  DOI = {10.1037/0003-066X.58.1.78},
  year = {2003},
}
@book{Kahneman1973,
   author = {Kahneman, D.},
   title = {Attention and effort},
   publisher = {Prentice-Hall Inc},
   address = {Englewood Cliffs, NJ},
   year = {1973},
}
@article{Kievit2018,
    title = {Developmental cognitive neuroscience using latent change score models: A tutorial and applications},
    journal = {Developmental Cognitive Neuroscience},
    volume = {33},
    pages = {99-117},
    year = {2018},
    doi = {10.1016/j.dcn.2017.11.007},
    author = {Rogier A. Kievit and Andreas M. Brandmaier and Gabriel Ziegler and Anne-Laura {van Harmelen} and Susanne M.M. {de Mooij} and Michael Moutoussis and Ian M. Goodyer and Ed Bullmore and Peter B. Jones and Peter Fonagy and Ulman Lindenberger and Raymond J. Dolan},
}
@article{Kool2010,
   author = {Kool, W. and McGuire, J. T. and Rosen, Z. B. and Botvinick, M. M.},
   title = {Decision making and the avoidance of cognitive demand},
   journal = {Journal of Experimental Psychology: General},
   volume = {139},
   number = {4},
   pages = {665-82},
   DOI = {10.1037/a0020198},
   year = {2010},
}
@article{Kool2013,
   author = {Kool, W. and McGuire, J. T. and Wang, G. J. and Botvinick, M. M.},
   title = {Neural and behavioral evidence for an intrinsic cost of self-control},
   journal = {PLoS One},
   volume = {8},
   number = {8},
   pages = {e72626},
   DOI = {10.1371/journal.pone.0072626},
   year = {2013},
}
@article{Shenhav2017,
   author = {Shenhav, A. and Musslick, S. and Lieder, F. and Kool, W. and Griffiths, T. L. and Cohen, J. D. and Botvinick, M. M.},
   title = {Toward a Rational and Mechanistic Account of Mental Effort},
   journal = {Annual Review of Neuroscience},
   volume = {40},
   number = {1},
   pages = {99-124},
   year = {2017},
   DOI = {10.1146/annurev-neuro-072116-031526},
}
@article{Kurzban2013,
   author = {Kurzban, R. and Duckworth, A. and Kable, J. W. and Myers, J.},
   title = {An opportunity cost model of subjective effort and task performance},
   journal = {Behav Brain Sci},
   volume = {36},
   number = {6},
   pages = {661-79},
   DOI = {10.1017/S0140525X12003196},
   year = {2013},
}
@inbook{Mulder1986,
   author = {Mulder, G.},
   title = {The concept and measurement of mental effort},
   booktitle = {Energetical issues in research on human information processing},
   editor = {Hockey, G. R. J. and Gaillard, A. W. K. and Coles, M. G. H. },
   publisher = {Martinus Nijhoff},
   address = {Dordrecht, NL},
   pages = {175-198},
   year = {1986},
}
@article{Mussel2013,
   author = {Mussel, P.},
   title = {Intellect: A theoretical framework for personality traits related to intellectual achievements},
   journal = {Journal of Personality and Social Psychology},
   volume = {104},
   number = {5},
   pages = {885-906},
   DOI = {10.1037/a0031918},
   year = {2013},
}
@article{Mussel2016,
   author = {Mussel, P. and Ulrich, N. and Allen, J. J. B. and Osinsky, R. and Hewig, J.},
   title = {Patterns of theta oscillation reflect the neural basis of individual differences in epistemic motivation},
   journal = {Scientific Reports},
   volume = {6},
   pages = {29245},
   DOI = {10.1038/srep29245},
   year = {2016},
}
@article{Westbrook2015,
   author = {Westbrook, A. and Braver, T. S.},
   title = {Cognitive effort: A neuroeconomic approach},
   journal = {Cognitive, Affective, & Behavioral Neuroscience},
   volume = {15},
   number = {2},
   pages = {395-415},
   DOI = {10.3758/s13415-015-0334-y},
   year = {2015},
}
@article{Westbrook2013,
   author = {Westbrook, A. and Kester, D. and Braver, T. S.},
   title = {What is the subjective cost of cognitive effort? Load, trait, and aging effects revealed by economic preference},
   journal = {PLoS One},
   volume = {8},
   number = {7},
   pages = {e68210},
   DOI = {10.1371/journal.pone.0068210},
   year = {2013},
}
@article{Shenhav2013,
   author = {Shenhav, A. and Botvinick, M. M. and Cohen, J. D.},
   title = {The expected value of control: an integrative theory of anterior cingulate cortex function},
   journal = {Neuron},
   volume = {79},
   number = {2},
   pages = {217-40},
   DOI = {10.1016/j.neuron.2013.07.007},
   year = {2013},
}
@article{Oldfield1971,
   author = {Oldfield, R. C.},
   title = {The assessment and analysis of handedness: The {E}dinburgh {H}andedness {I}nventory},
   journal = {Neuropsychologia},
   volume = {9},
   pages = {97-113},
   year = {1971},
}
@article{Bless1994,
  author = {Bless, H. and W{\"a}nke, M. and Bohner, G. and Fellhauer, R. L. and Schwarz, N.},
  title = {Need for {C}ognition: {E}ine {S}kala zur {E}rfassung von {E}ngagement und {F}reude bei {D}enkaufgaben [{N}eed for {C}ognition: A scale measuring engagement and happiness in cognitive tasks]},
  journal = {Zeitschrift {f}{\"u}r Sozialpsychologie},
  volume = {25},
  pages = {147-154},
  year = {1994},
  }
@article{Cacioppo1982,
  author = {Cacioppo, J. T. and Petty, R. E.},
  title = {The need for cognition},
  journal = {Journal of Personality and Social Psychology},
  volume = {42},
  issue = {1},
  pages = {116-131},
  year = {1982},
  }
@article{Cacioppo1984,
  author = {Cacioppo, J. T. and Petty, R. E. and Kao, C. F.},
  title = {The efficient assessment of {N}eed for {C}ognition},
  journal = {Journal of Personality Assessment},
  volume = {48},
  pages = {306-307},
  year = {1994},
  }
@article{Fleischhauer2010,
  author = {Fleischhauer, M. and Enge, S. and Brocke, B. and Ullrich, J. and Strobel, A. and Strobel, A.},
  title = {Same or different? Clarifying the relationship of {N}eed for {C}ognition to personality and intelligence},
  journal = {Personality & Social Psychology Bulletin},
  volume = {36},
  number = {1},
  pages = {82-96},
  DOI = {10.1177/0146167209351886},
  year = {2010},
  }
  @article{Fleischhauer2015,
  author  = {Fleischhauer, M. and Strobel, A. and Strobel, A.},
  title   = {Directly and indirectly assessed {N}eed for {C}ognition differentially predict spontaneous and reflective information processing behavior},
  journal = {Journal of Individual Differences},
  volume  = {36},
  number  = {2},
  pages   = {101-109},
  doi     = {10.1027/1614-0001/a000161},
  year    = {2015}
}
@article{Mussel2013,
   author = {Mussel, P.},
   title = {Intellect: A Theoretical Framework for Personality Traits Related to Intellectual Achievements},
   journal = {Journal of Personality and Social Psychology},
   volume = {104},
   issue = {5},
   pages = {885-906},
   DOI = {10.1037/a0031918},
   year = {2013},
}
@article{Bertrams2009,
   author = {Bertrams, A. and Dickh{\"a}user, O.},
   title = {Measuring dispositional self-control capacity. A {G}erman adaptation of the short form of the {S}elf-{C}ontrol {S}cale ({SCS-K-D})},
   journal = {Diagnostica},
   volume = {55},
   number = {1},
   pages = {2-10},
   DOI = {10.1026/0012-1924.55.1.2},
   year = {2009},
}
@article{Tangney2004,
   author = {Tangney, J. P. and Baumeister, R. F. and Boone, A. L.},
   title = {High self-control predicts good adjustment, less pathology, better grades, and interpersonal success},
   journal = {Journal of Personality},
   volume = {72},
   pages = {271-324},
   DOI = {10.1111/j.0022-3506.2004.00263.x},
   year = {2004},
}
@article{Wiltink2006,
   author = {Wiltink, J. and Vogelsang, U. and Beutel, M. E.},
   title = {Temperament and personality: the German version of the
{A}dult {T}emperament {Q}uestionnaire ({ATQ})},
   journal = {GMS Psycho-Social-Medicine},
   volume = {3},
   pages = {1-13},
   url = {http://www.egms.de/en/journals/psm/2006-3/psm000030.shtml},
   year = {2006},
}
@article{Rothbart2000,
   author = {Rothbart, M. K. and Ahadi, S. A. and Evans, D. E.},
   title = {Temperament and personality: Origins and outcomes},
   journal = {Journal of Personality and Social Psychology},
   volume = {78},
   issue = {1},
   pages = {122-135},
   year = {2000},
   DOI = {10.1037/0022-3514.78.1.122}
}
@article{Rammstedt2005,
   author = {Rammstedt, B. and John, O. P.},
   title = {Kurzversion des {B}ig {F}ive {I}nventory ({BFI-K}): {E}ntwicklung und {V}alidierung eines {\"o}konomischen {I}nventars zur {E}rfassung der f{\"u}nf {F}aktoren der {P}ers{\"o}nlichkeit [Short version of the {B}ig {F}ive {I}nventory ({BFI-K}): Development and validation of an efficient inventory for the assessment of the five factors of personality]},
   journal = {Diagnostica},
   volume = {51},
   issue = {4},
   pages = {195-206},
   DOI = {10.1026/0012-1924.51.4.195},
   year = {2005},
}
@manual{Schoene2002,
  author = {Sch{\"o}ne, C. and Dickh{\"a}user, O. and Spinath, B. and Stiensmeier-Pelster, J.},
  title = {{Die Skalen zur Erfassung des schulischen Selbstkonzepts (SESSKO) — Scales for measuring the academic ability self-concept}},
  publisher = {Hogrefe},
  address = {G{\"o}ttingen},
  year = {2002}
}
@inbook{Schwarzer1995,
   author = {Schwarzer, R. and Jerusalem, M.},
   title = {Generalized Self-Efficacy scale},
   booktitle = {Measures in health psychology: A user’s portfolio. Causal and control beliefs},
   editor = {Weinman, J. and Wright, S. and Johnston, M.},
   publisher = {NFER-NELSON},
   address = {Windsor, UK},
   pages = {35-37},
   year = {1995},
}
@article{Simmons2012,
   author = {J. P. Simmons and L. D. Nelson and U. Simonsohn},
   year = {2012},
   title = {A 21 word solution},
   url = {http://papers.ssrn. com/sol3/papers.cfm?abstract_id=2160588},
   doi = {10.2139/ssrn.2160588},
}
@article{vonStumm2015,
   author = {Sophie von Stumm and Philipp Ackerman},
   title = {Investment and Intellect: A Review and Meta-Analysis},
   year = {2015},
   journal = {Psychological Bulletin},
   volume = {139},
   issue = {4},
   pages = {841-869},
   DOI = {10.1037/a0030746}
}
@article{Steinmayr2009,
author   = {Ricarda Steinmayr and Birgit Spinath},
  title    = {The importance of motivation as a predictor of school achievement},
  journal  = {Learning and Individual Differences},
  volume   = {19},
  number   = {1},
  pages    = {80-90},
  year     = {2009},
  doi      = {10.1016/j.lindif.2008.05.004},
  }
@article{Steinmayr2010,
  author   = {Steinmayr, Ricarda and Spinath, Birgit},
  title    = {{Konstruktion und erste Validierung einer Skala zur Erfassung subjektiver schulischer Werte (SESSW) - [Construction and first validation of a scale for the assessment of subjective values in school]}},
  journal  = {Diagnostica},
  volume   = {56},
  issue    = {4},
  pages    = {195-211},
  year     = {2010},
  doi      = {10.1026/0012-1924/a000023}
}
@Manual{RStudio,
  title = {RStudio: Integrated Development Environment for {R}},
  author = {{RStudio Team}},
  organization = {RStudio, Inc.},
  address = {Boston, MA},
  year = {2016},
  note={R package version 1.1.383},
  url = {http://www.rstudio.com/},
}
@Manual{R-haven,
  title = {haven: Import and Export 'SPSS', 'Stata' and 'SAS' Files},
  author = {Hadley Wickham and Evan Miller},
  year = {2021},
  note = {R package version 2.4.3},
  url = {https://CRAN.R-project.org/package=haven},
}
@Article{R-robustbase,
  title = {An Object-Oriented Framework for Robust Multivariate Analysis},
  author = {Valentin Todorov and Peter Filzmoser},
  journal = {Journal of Statistical Software},
  year = {2009},
  volume = {32},
  number = {3},
  pages = {1--47},
  url = {https://www.jstatsoft.org/article/view/v032i03/},
}
@Manual{R-shape,
  title = {shape: Functions for Plotting Graphical Shapes, Colors},
  author = {Karline Soetaert},
  year = {2021},
  note = {R package version 1.4.6},
  url = {https://CRAN.R-project.org/package=shape},
}
@Manual{R-tinylabels,
  title = {{tinylabels}: Lightweight Variable Labels},
  author = {Marius Barth},
  year = {2021},
  note = {R package version 0.2.1},
  url = {https://github.com/mariusbarth/tinylabels},
}
@Book{R-car,
  title = {An {R} Companion to Applied Regression},
  edition = {Third},
  author = {John Fox and Sanford Weisberg},
  year = {2019},
  publisher = {Sage},
  address = {Thousand Oaks {CA}},
  url = {https://socialsciences.mcmaster.ca/jfox/Books/Companion/},
}
@Manual{R-carData,
  title = {carData: Companion to Applied Regression Data Sets},
  author = {John Fox and Sanford Weisberg and Brad Price},
  year = {2020},
  note = {R package version 3.0-4},
  url = {https://CRAN.R-project.org/package=carData},
}
