@Manual{R-base,
  title = {R: A Language and Environment for Statistical Computing},
  author = {{R Core Team}},
  organization = {R Foundation for Statistical Computing},
  address = {Vienna, Austria},
  year = {2018},
  url = {https://www.R-project.org/},
}
@Manual{R-kableExtra,
  title = {kableExtra: Construct Complex Table with 'kable' and Pipe Syntax},
  author = {Hao Zhu},
  year = {2018},
  note = {R package version 0.9.0},
  url = {https://CRAN.R-project.org/package=kableExtra},
}
@Book{R-knitr,
  title = {Dynamic Documents with {R} and knitr},
  author = {Yihui Xie},
  publisher = {Chapman and Hall/CRC},
  address = {Boca Raton, Florida},
  year = {2015},
  edition = {2nd},
  note = {ISBN 978-1498716963},
  url = {https://yihui.name/knitr/},
}
@Manual{R-papaja,
  author = {Frederik Aust and Marius Barth},
  title = {{papaja}: {Create} {APA} manuscripts with {R Markdown}},
  year = {2018},
  note = {R package version 0.1.0.9842},
  url = {https://github.com/crsh/papaja},
}
@Manual{R-psych,
  title = {psych: Procedures for Psychological, Psychometric, and Personality Research},
  author = {William Revelle},
  organization = { Northwestern University},
  address = { Evanston, Illinois},
  year = {2018},
  note = {R package version 1.8.4},
  url = {https://CRAN.R-project.org/package=psych},
}
@Article{R-lavaan,
  title = {{lavaan}: An {R} Package for Structural Equation Modeling},
  author = {Yves Rosseel},
  journal = {Journal of Statistical Software},
  year = {2012},
  volume = {48},
  number = {2},
  pages = {1--36},
  url = {http://www.jstatsoft.org/v48/i02/},
}
@Manual{R-pwr,
  title = {pwr: Basic Functions for Power Analysis},
  author = {Stephane Champely},
  year = {2018},
  note = {R package version 1.2-2},
  url = {https://CRAN.R-project.org/package=pwr},
}
@article{Ackerman1997,
  title = {Intelligence, personality, and interests: Evidence for overlapping traits.},
  author = {Ackerman, Phillip L and Heggestad, Eric D},
  journal = {Psychological Bulletin},
  volume = {121},
  number = {2},
  pages = {219},
  year = {1997},
}
@article{Bless1994,
  author = {Bless, H. and W{\"a}nke, M. and Bohner, G. and Fellhauer, R. L. and Schwarz, N.},
  title = {Need for {C}ognition: {E}ine {S}kala zur {E}rfassung von {E}ngagement und {F}reude bei {D}enkaufgaben [{N}eed for {C}ognition: A scale measuring engagement and happiness in cognitive tasks]},
  journal = {Zeitschrift {f}{\"u}r Sozialpsychologie},
  volume = {25},
  pages = {147-154},
  year = {1994},
  }
@article{Cacioppo1982,
  author = {Cacioppo, J. T. and Petty, R. E.},
  title = {The need for cognition},
  journal = {Journal of Personality and Social Psychology},
  volume = {42},
  issue = {1},
  pages = {116-131},
  year = {1982},
  }
@article{Cacioppo1984,
  author = {Cacioppo, J. T. and Petty, R. E. and Kao, C. F.},
  title = {The efficient assessment of {N}eed for {C}ognition},
  journal = {Journal of Personality Assessment},
  volume = {48},
  pages = {306-307},
  year = {1994},
  }
@article{Cacioppo1996,
  author = {Cacioppo, J. T. and Petty, R. E. and Feinstein, J. A. and Jarvis, W. B. G.},
  title = {Dispositional differences in cognitive motivation: The life and times of individuals varying in {N}eed for {C}ognition},
  journal = {Psychological Bulletin},
  volume = {119},
  number = {2},
  pages = {197-253},
  DOI = {10.1037/0033-2909.119.2.197},
  year = {1996},
}
@article{Bertrams2009a,
   author = {Bertrams, A. and Dickh{\"a}user, O.},
   title = {Measuring dispositional self-control capacity. A {G}erman adaptation of the short form of the {S}elf-{C}ontrol {S}cale ({SCS-K-D})},
   journal = {Diagnostica},
   volume = {55},
   number = {1},
   pages = {2-10},
   DOI = {10.1026/0012-1924.55.1.2},
   year = {2009},
}
@article{Bertrams2009b,
  author = {Bertrams, A. and Dickh{\"a}user, O.},
  title = {High-school students' need for cognition, self-control capacity, and school achievement: Testing a mediation hypothesis},
  journal = {Learning and Individual Differences},
  volume = {19},
  number = {1},
  pages = {135-138},
  DOI = {10.1016/j.lindif.2008.06.005},
  year = {2009},
}
@article{Deary2007,
  author = {Ian J. Deary and Steve Strand and Pauline Smith and Cres Fernandes},
  title = {Intelligence and educational achievement},
  journal = {Intelligence},
  volume = {35},
  number = {1},
  pages = {13-21},
  year = {2007},
  doi = {10.1016/j.intell.2006.02.001},
}
@article{Dickhaeuser2010,
  author = {Dickh{\"a}user, Oliver and Reinhard, Marc-Andre},
  title = {How students build their performance expectancies: The importance of need for cognition},
  journal = {European Journal of Psychology of Education},
  volume = {25},
  number = {3},
  pages = {399-409},
  doi = {10.1007/s10212-010-0027-4},
  year = {2010},
}
@article{Evans2003,
  author = {Evans, C. J. and Kirby, J. R. and Fabrigar, L. R.},
  year = {2003},
  title = {Approaches to learning, need for cognition, and strategic flexibility among university students},
  journal = {British Journal of Educational Psychology},
  volume = {73},
  number = {4},
  pages = {507-528},
}
@article{Fleischhauer2010,
  author = {Fleischhauer, M. and Enge, S. and Brocke, B. and Ullrich, J. and Strobel, A. and Strobel, A.},
  title = {Same or different? Clarifying the relationship of {N}eed for {C}ognition to personality and intelligence},
  journal = {Personality & Social Psychology Bulletin},
  volume = {36},
  number = {1},
  pages = {82-96},
  DOI = {10.1177/0146167209351886},
  year = {2010},
  }
@article{Fleischhauer2015,
  author  = {Fleischhauer, M. and Strobel, A. and Strobel, A.},
  title   = {Directly and indirectly assessed {N}eed for {C}ognition differentially predict spontaneous and reflective information processing behavior},
  journal = {Journal of Individual Differences},
  volume  = {36},
  number  = {2},
  pages   = {101-109},
  doi     = {10.1027/1614-0001/a000161},
  year    = {2015}
}
@Article{Gignac2016,
  author = {G. E. Gignac and E. T. Szodorai},
  title = {Effect size guidelines for individual differences researchers}, 
  journal = {Personality and Individual Differences},
  year = {2016},
  volume = {102},
  pages = {74-78},
  doi = {10.1016/j.paid.2016.06.069},
}
@article{Ginet2000,
  title = {Le besoin de cognition: une {\'e}chelle fran{\c{c}}aise pour enfants et ses cons{\'e}quences au plan sociocognitif},
  author = {Ginet, Anne and Py, Jacques},
  journal = {L'ann{\'e}e psychologique},
  volume = {100},
  number = {4},
  pages = {585-627},
  year = {2000},
}
@unpublished{Gjesme1970,
  author = {Gjesme, T. and Nygard, R.},
  title  = {Achievement-related motives: Theoretical considerations and construction of a measuring instrument},
  year   = {2006},
  address = {University of Oslo}
}
@inbook{Goettert1980,
  author    = {R. G{\"o}ttert and J. Kuhl},
  title     = {AMS — {A}chievement {M}otives {S}cale von {G}jesme und {N}ygard — {D}eutsche {F}assung [{AMS} — {G}erman version]},
  booktitle = {Motivationsf{\"o}rderung im {S}chulalltag [{E}nhancement of motivation in school context]},
  editor    = {F. Rheinberg and S. Krug},
  publisher = {Hogrefe},
  address   = {G{\"o}ttingen},
  pages     = {194-200},
  year      = {1980}
}
@article{Grass2017,
  author = {Grass, Julia and Strobel, Alexander and Strobel, Anja}, 
  title = {Cognitive Investments in Academic Success: The Role of Need for Cognition at University},      
  journal = {Frontiers in Psychology},
  volume = {8},
  pages = {790},
  year = {2017},
  doi = {10.3389/fpsyg.2017.00790},
}
@article{Hu1999,
  author = {Hu, L. T. and Bentler, P. M.},
  title = {Cutoff Criteria for Fit Indexes in Covariance Structure Analysis: Conventional Criteria Versus New Alternatives},
  journal = {Structural Equation Modeling-A Multidisciplinary Journal},
  volume = {6},
  number = {1},
  pages = {11-55},
  year = {1999},
  DOI = {10.1080/10705519909540118},
}
@article{Kievit2018,
  title = {Developmental cognitive neuroscience using latent change score models: A tutorial and applications},
  journal = {Developmental Cognitive Neuroscience},
  volume = {33},
  pages = {99-117},
  year = {2018},
  doi = {10.1016/j.dcn.2017.11.007},
  author = {Rogier A. Kievit and Andreas M. Brandmaier and Gabriel Ziegler and Anne-Laura {van Harmelen} and Susanne M.M. {de Mooij} and Michael Moutoussis and Ian M. Goodyer and Ed Bullmore and Peter B. Jones and Peter Fonagy and Ulman Lindenberger and Raymond J. Dolan},
}
@article{Kriegbaum2018,
  author = {Katharina Kriegbaum and Nicolas Becker and Birgit Spinath},
  title = {The relative importance of intelligence and motivation as predictors of school achievement: A meta-analysis},
  journal = {Educational Research Review},
  volume = {25},
  pages = {120-148},
  year = {2018},
  issn = {1747-938X},
  doi = {10.1016/j.edurev.2018.10.001},
}
@article{Luong2017,
author = {C{\"a}cilia Luong and Anja Strobel and Rachel Wollschl{\"a}ger and Samuel Greiff and Mari-Pauliina Vainikainen and Franzis Preckel},
title = {Need for cognition in children and adolescents: Behavioral correlates and relations to academic achievement and potential},
journal = {Learning and Individual Differences},
volume = {53},
pages = {103-113},
year = {2017},
doi = {https://doi.org/10.1016/j.lindif.2016.10.019},
}
@article{Mussel2013,
  author = {Mussel, P.},
  title = {Intellect: A theoretical framework for personality traits related to intellectual achievements},
  journal = {Journal of Personality and Social Psychology},
  volume = {104},
  number = {5},
  pages = {885-906},
  DOI = {10.1037/a0031918},
  year = {2013},
}
@article{Preckel2014,
  author = {Preckel, Franzis},
  title = {Assessing {Need} for {Cognition} in early adolescence: Validation of a German Adaption of the {Cacioppo}/{Petty} Scale},
	volume = {30},
	number = {1},
	journal = {European Journal of Psychological Assessment},
	year = {2014},
  doi = {10.1027/1015-5759/a000170},
	pages = {65--72},
}
@manual{Schoene2002,
  author = {Sch{\"o}ne, C. and Dickh{\"a}user, O. and Spinath, B. and Stiensmeier-Pelster, J.},
  title = {{Die Skalen zur Erfassung des schulischen Selbstkonzepts (SESSKO) — Scales for measuring the academic ability self-concept}},
  publisher = {Hogrefe},
  address = {G{\"o}ttingen},
  year = {2002}
}
@inbook{Schwarzer1995,
   author = {Schwarzer, R. and Jerusalem, M.},
   title = {Generalized Self-Efficacy scale},
   booktitle = {Measures in health psychology: A user’s portfolio. Causal and control beliefs},
   editor = {Weinman, J. and Wright, S. and Johnston, M.},
   publisher = {NFER-NELSON},
   address = {Windsor, UK},
   pages = {35-37},
   year = {1995},
}
@article{Simmons2012,
   author = {J. P. Simmons and L. D. Nelson and U. Simonsohn},
   year = {2012},
   title = {A 21 word solution},
   url = {http://papers.ssrn. com/sol3/papers.cfm?abstract_id=2160588},
   doi = {10.2139/ssrn.2160588},
}
@article{vonStumm2013,
   author = {Sophie von Stumm and Philipp Ackerman},
   title = {Investment and Intellect: A Review and Meta-Analysis},
   year = {2013},
   journal = {Psychological Bulletin},
   volume = {139},
   issue = {4},
   pages = {841-869},
   DOI = {10.1037/a0030746}
}
@article{Steinmayr2009,
  author   = {Ricarda Steinmayr and Birgit Spinath},
  title    = {The importance of motivation as a predictor of school achievement},
  journal  = {Learning and Individual Differences},
  volume   = {19},
  number   = {1},
  pages    = {80-90},
  year     = {2009},
  doi      = {10.1016/j.lindif.2008.05.004},
  }
@article{Steinmayr2010,
  author   = {Steinmayr, Ricarda and Spinath, Birgit},
  title    = {{Konstruktion und erste Validierung einer Skala zur Erfassung subjektiver schulischer Werte (SESSW) - [Construction and first validation of a scale for the assessment of subjective values in school]}},
  journal  = {Diagnostica},
  volume   = {56},
  issue    = {4},
  pages    = {195-211},
  year     = {2010},
  doi      = {10.1026/0012-1924/a000023}
}
@article{Steinmayr2019,
  author = {Steinmayr, Ricarda and Weidinger, Anne F. and Schwinger, Malte and Spinath, Birgit},   
  title = {The Importance of Students' Motivation for Their Academic Achievement - {R}eplicating and Extending Previous Findings},      
  journal = {Frontiers in Psychology},      
  volume = {10},      
  year = {2019},      
  doi = {10.3389/fpsyg.2019.01730},      
}
@article{Westbrook2013,
  author = {Westbrook, A. and Kester, D. and Braver, T. S.},
  title = {What is the subjective cost of cognitive effort? Load, trait, and aging effects revealed by economic preference},
  journal = {PLoS One},
  volume = {8},
  number = {7},
  pages = {e68210},
  DOI = {10.1371/journal.pone.0068210},
  year = {2013},
}
@article{Wigfield2000,
  author = {Allan Wigfield and Jacquelynne S. Eccles},
  title = {Expectancy-Value Theory of Achievement Motivation},
  journal = {Contemporary Educational Psychology},
  volume = {25},
  number = {1},
  pages = {68-81},
  year = {2000},
  doi = {10.1006/ceps.1999.1015},
}
@article{Wigfield2010,
  title = {Students' achievement values, goal orientations, and interest: Definitions, development, and relations to achievement outcomes},
  author = {Allan Wigfield and Jenna Cambria},
  journal = {Developmental Review},
  volume = {30},
  number = {1},
  pages = {1-35},
  year = {2010},
  doi = {10.1016/j.dr.2009.12.001},
}
@Manual{RStudio,
  title = {RStudio: Integrated Development Environment for {R}},
  author = {{RStudio Team}},
  organization = {RStudio, Inc.},
  address = {Boston, MA},
  year = {2016},
  note={R package version 1.1.383},
  url = {http://www.rstudio.com/},
}
@Manual{R-haven,
  title = {haven: Import and Export 'SPSS', 'Stata' and 'SAS' Files},
  author = {Hadley Wickham and Evan Miller},
  year = {2021},
  note = {R package version 2.4.3},
  url = {https://CRAN.R-project.org/package=haven},
}
@Manual{R-shape,
  title = {shape: Functions for Plotting Graphical Shapes, Colors},
  author = {Karline Soetaert},
  year = {2021},
  note = {R package version 1.4.6},
  url = {https://CRAN.R-project.org/package=shape},
}
@Manual{R-tinylabels,
  title = {{tinylabels}: Lightweight Variable Labels},
  author = {Marius Barth},
  year = {2021},
  note = {R package version 0.2.1},
  url = {https://github.com/mariusbarth/tinylabels},
}
